@inproceedings{DijkP15,
  author       = {Tom van Dijk and
                  Jaco van de Pol},
  editor       = {Christel Baier and
                  Cesare Tinelli},
  title        = {Sylvan: Multi-Core Decision Diagrams},
  booktitle    = {Tools and Algorithms for the Construction and Analysis of Systems
                  - 21st International Conference, {TACAS} 2015, Held as Part of the
                  European Joint Conferences on Theory and Practice of Software, {ETAPS}
                  2015, London, UK, April 11-18, 2015. Proceedings},
  series       = {Lecture Notes in Computer Science},
  volume       = {9035},
  pages        = {677--691},
  publisher    = {Springer},
  year         = {2015},
  url          = {https://doi.org/10.1007/978-3-662-46681-0\_60},
  doi          = {10.1007/978-3-662-46681-0\_60},
  timestamp    = {Sat, 30 Sep 2023 09:57:43 +0200},
  biburl       = {https://dblp.org/rec/conf/tacas/DijkP15.bib},
  bibsource    = {dblp computer science bibliography, https://dblp.org}
}
