@inproceedings{DijkP15,
  author       = {Tom van Dijk and
                  Jaco van de Pol},
  editor       = {Christel Baier and
                  Cesare Tinelli},
  title        = {Sylvan: Multi-Core Decision Diagrams},
  booktitle    = {Tools and Algorithms for the Construction and Analysis of Systems
                  - 21st International Conference, {TACAS} 2015, Held as Part of the
                  European Joint Conferences on Theory and Practice of Software, {ETAPS}
                  2015, London, UK, April 11-18, 2015. Proceedings},
  series       = {Lecture Notes in Computer Science},
  volume       = {9035},
  pages        = {677--691},
  publisher    = {Springer},
  year         = {2015},
  url          = {https://doi.org/10.1007/978-3-662-46681-0\_60},
  doi          = {10.1007/978-3-662-46681-0\_60},
  timestamp    = {Sat, 30 Sep 2023 09:57:43 +0200},
  biburl       = {https://dblp.org/rec/conf/tacas/DijkP15.bib},
  bibsource    = {dblp computer science bibliography, https://dblp.org}
}

@inproceedings{HabermehlHHHL24,
  author       = {Peter Habermehl and
                  Vojtech Havlena and
                  Michal Hecko and
                  Luk{\'{a}}s Hol{\'{\i}}k and
                  Ondrej Leng{\'{a}}l},
  editor       = {Arie Gurfinkel and
                  Vijay Ganesh},
  title        = {Algebraic Reasoning Meets Automata in Solving Linear Integer Arithmetic},
  booktitle    = {Computer Aided Verification - 36th International Conference, {CAV}
                  2024, Montreal, QC, Canada, July 24-27, 2024, Proceedings, Part {I}},
  series       = {Lecture Notes in Computer Science},
  volume       = {14681},
  pages        = {42--67},
  publisher    = {Springer},
  year         = {2024},
  url          = {https://doi.org/10.1007/978-3-031-65627-9\_3},
  doi          = {10.1007/978-3-031-65627-9\_3},
  timestamp    = {Thu, 22 Aug 2024 20:23:18 +0200},
  biburl       = {https://dblp.org/rec/conf/cav/HabermehlHHHL24.bib},
  bibsource    = {dblp computer science bibliography, https://dblp.org}
}

@inproceedings{Durand-GasselinH10,
  author    = {Antoine Durand{-}Gasselin and
               Peter Habermehl},
  editor    = {Paul Gastin and
               Fran{\c{c}}ois Laroussinie},
  title     = {On the Use of Non-deterministic Automata for {Presburger} Arithmetic},
  booktitle = {{CONCUR} 2010 - Concurrency Theory, 21th International Conference,
               {CONCUR} 2010, Paris, France, August 31-September 3, 2010. Proceedings},
  series    = {Lecture Notes in Computer Science},
  volume    = {6269},
  pages     = {373--387},
  publisher = {Springer},
  year      = {2010},
  url       = {https://doi.org/10.1007/978-3-642-15375-4\_26},
  doi       = {10.1007/978-3-642-15375-4\_26},
  timestamp = {Tue, 14 May 2019 10:00:43 +0200},
  biburl    = {https://dblp.org/rec/conf/concur/Durand-GasselinH10.bib},
  bibsource = {dblp computer science bibliography, https://dblp.org}
}

@inproceedings{BoudetC96,
  author    = {Alexandre Boudet and
               Hubert Comon},
  editor    = {H{\'{e}}l{\`{e}}ne Kirchner},
  title     = {{Diophantine} Equations, {Presburger} Arithmetic and Finite Automata},
  booktitle = {Trees in Algebra and Programming - CAAP'96, 21st International Colloquium,
               Link{\"{o}}ping, Sweden, April, 22-24, 1996, Proceedings},
  series    = {Lecture Notes in Computer Science},
  volume    = {1059},
  pages     = {30--43},
  publisher = {Springer},
  year      = {1996},
  url       = {https://doi.org/10.1007/3-540-61064-2\_27},
  doi       = {10.1007/3-540-61064-2\_27},
  timestamp = {Tue, 14 May 2019 10:00:44 +0200},
  biburl    = {https://dblp.org/rec/conf/caap/BoudetC96.bib},
  bibsource = {dblp computer science bibliography, https://dblp.org}
}

@article{Buchi60,
  author       = {Julius Richard B\"uchi},
  title        = {Weak Second-Order Arithmetic and Finite Automata},
  journal      = {Zeitscrift fur mathematische Logic und Grundlagen der Mathematik},
  volume       = {6},
  pages        = {66-92},
  year         = {1960}
}

@misc{LASH,
  title = {The {Li\`ege} Automata-based Symbolic Handler (\lash)},
  url = {https://people.montefiore.uliege.be/boigelot/research/lash/}
}

@article{BoigelotJW05,
  author    = {Bernard Boigelot and
               S{\'{e}}bastien Jodogne and
               Pierre Wolper},
  title     = {An effective decision procedure for linear arithmetic over the integers
               and reals},
  journal   = {{ACM} Trans. Comput. Log.},
  volume    = {6},
  number    = {3},
  pages     = {614--633},
  year      = {2005},
  url       = {https://doi.org/10.1145/1071596.1071601},
  doi       = {10.1145/1071596.1071601},
  timestamp = {Sun, 02 Jun 2019 21:05:25 +0200},
  biburl    = {https://dblp.org/rec/journals/tocl/BoigelotJW05.bib},
  bibsource = {dblp computer science bibliography, https://dblp.org}
}
